@inproceedings{imagenet,
  author = {Deng, J. and Dong, W. and Socher, R. and Li, L.-J. and Li, K. and Fei-Fei, L.},
  title = {{ImageNet: A Large-Scale Hierarchical Image Database}},
  booktitle = {CVPR09},
  year = {2009}
}

@article{caltech101,
 author = {Fei-Fei, Li and Fergus, Rob and Perona, Pietro},
 title = {Learning generative visual models from few training examples: An incremental Bayesian approach tested on 101 object categories},
 journal = {Comput. Vis. Image Underst.},
 issue_date = {April, 2007},
 volume = {106},
 number = {1},
 month = apr,
 year = {2007},
 pages = {59--70},
}

@misc{pascal09,
  author = {Mark Everingham and Luc Van Gool and C. K. I. Williams and J. Winn and Andrew Zisserman},
  title = {The PASCAL Visual Object Classes (VOC) challenge},
  year = {2009}
}
