@inproceedings{imagenet,
  author = {Deng, J. and Dong, W. and Socher, R. and Li, L.-J. and Li, K. and Fei-Fei, L.},
  title = {{ImageNet: A Large-Scale Hierarchical Image Database}},
  booktitle = {CVPR09},
  year = {2009}
}

@article{caltech101,
 author = {Fei-Fei, Li and Fergus, Rob and Perona, Pietro},
 title = {Learning generative visual models from few training examples: An incremental Bayesian approach tested on 101 object categories},
 journal = {Comput. Vis. Image Underst.},
 issue_date = {April, 2007},
 volume = {106},
 number = {1},
 month = apr,
 year = {2007},
 pages = {59-70},
}

@misc{pascal09,
  author = {Mark Everingham and Luc Van Gool and C. K. I. Williams and J. Winn and Andrew Zisserman},
  title = {The PASCAL Visual Object Classes (VOC) challenge},
  year = {2009}
}

@article{sande10, 
  author={Van de Sande, K. E A and Gevers, T. and Snoek, C. G M}, 
  journal={Pattern Analysis and Machine Intelligence, IEEE Transactions on},
  title={Evaluating Color Descriptors for Object and Scene Recognition}, 
  month={Sept.},
  year={2010},
  volume={32}, 
  number={9}, 
  pages={1582-1596}, 
}

@article{ahonen06, 
  author={Ahonen, T. and Hadid, A. and Pietikainen, M.}, 
  journal={Pattern Analysis and Machine Intelligence, IEEE Transactions on}, title={Face Description with Local Binary Patterns: Application to Face Recognition}, 
  month={Dec.},
  year={2006}, 
  volume={28}, 
  number={12}, 
  pages={2037-2041}
}

@article{lowe04,
 author = {Lowe, David G.},
 title = {Distinctive Image Features from Scale-Invariant Keypoints},
 journal = {Int. J. Comput. Vision},
 issue_date = {November 2004},
 volume = {60},
 number = {2},
 month = nov,
 year = {2004},
 issn = {0920-5691},
 pages = {91-110}
}

@inproceedings{dalal05, 
  author={Dalal, N. and Triggs, B.}, 
  booktitle={Computer Vision and Pattern Recognition, 2005. CVPR 2005. IEEE Computer Society Conference on}, title={Histograms of oriented gradients for human detection}, 
  month={June},
  year={2005},
  volume={1}, 
  pages={886-893}
}

@article{turk91,
 author = {Turk, Matthew and Pentland, Alex},
 title = {Eigenfaces for recognition},
 journal = {J. Cognitive Neuroscience},
 issue_date = {Winter 1991},
 volume = {3},
 number = {1},
 month = jan,
 year = {1991},
 pages = {71-86},
 numpages = {16},
}

@article{belhumeur97,
 author = {Belhumeur, Peter N. and Hespanha, Jo\~{a}o P. and Kriegman, David J.},
 title = {Eigenfaces vs. Fisherfaces: Recognition Using Class Specific Linear Projection},
 journal = {IEEE Trans. Pattern Anal. Mach. Intell.},
 issue_date = {July 1997},
 volume = {19},
 number = {7},
 month = jul,
 year = {1997},
 pages = {711-720},
} 

@inproceedings{weiss2008,
  title={Spectral hashing},
  author={Weiss, Yair and Torralba, Antonio and Fergus, Rob},
  year={2008},
  organization={NIPS}
}

@article{jegou2011,
  title={Product quantization for nearest neighbor search},
  author={J{\'e}gou, Herv{\'e} and Douze, Matthijs and Schmid, Cordelia},
  journal={Pattern Analysis and Machine Intelligence, IEEE Transactions on},
  volume={33},
  number={1},
  pages={117--128},
  year={2011},
  publisher={IEEE}
}

@incollection{alex2012,
title ={ImageNet Classification with Deep Convolutional Neural Networks},
author={Alex Krizhevsky and Ilya Sutskever and Geoff Hinton},
booktitle = {Advances in Neural Information Processing Systems 25},
editor = {P. Bartlett and F.C.N. Pereira and C.J.C. Burges and L. Bottou and K.Q. Weinberger},
pages = {1106--1114},
year = {2012},
}

@article{csurka2011fisher,
  title={Fisher Vectors: Beyond Bag-of-Visual-Words Image Representations},
  author={Csurka, Gabriela and Perronnin, Florent},
  journal={Computer Vision, Imaging and Computer Graphics. Theory and Applications},
  pages={28--42},
  year={2011},
  publisher={Springer}
}

@article{oliva2001modeling,
  title={Modeling the shape of the scene: A holistic representation of the spatial envelope},
  author={Oliva, Aude and Torralba, Antonio},
  journal={International Journal of Computer Vision},
  volume={42},
  number={3},
  pages={145--175},
  year={2001},
  publisher={Springer}
}